@article{Brin1998107,
  added-at = {2013-01-30T19:20:13.000+0100},
  author = {Brin, Sergey and Page, Lawrence},
  doi = {10.1016/S0169-7552(98)00110-X},
  interhash = {1234ad3633d435ef79d8a7f36dafa0a9},
  intrahash = {1779c82bd34bbf1ca62956d136a22adf},
  issn = {0169-7552},
  journal = {Computer Networks and ISDN Systems},
  keywords = {cse598f eigenvalues google power.method},
  number = {1â€“7},
  pages = {107 - 117},
  timestamp = {2013-01-30T19:20:13.000+0100},
  title = {The anatomy of a large-scale hypertextual Web search engine},
  volume = 30,
  year = 1998
}

@inbook{Rose2010,
  added-at = {2013-05-27T15:16:32.000+0200},
  author = {Rose, Stuart and Engel, Dave and Cramer, Nick and Cowley, Wendy},
  booktitle = {Text Mining. Applications and Theory},
  doi = {10.1002/9780470689646.ch1},
  interhash = {f2c1ce382d62625a1c3aeca81e96c4b4},
  intrahash = {24690722e488a69dde23cc213b431bd4},
  isbn = {9780470689646},
  keywords = {keyword_extraction},
  pages = {1--20},
  publisher = {John Wiley and Sons, Ltd},
  timestamp = {2013-05-27T15:16:32.000+0200},
  title = {Automatic Keyword Extraction from Individual Documents},
  year = 2010
}
